@article{encode2004encode,
  title={{The ENCODE (Encyclopedia of DNA elements) project}},
  author={ENCODE Project Consortium and others},
  journal={Science},
  volume={306},
  number={5696},
  pages={636--640},
  year={2004},
  publisher={American Association for the Advancement of Science}
}

@article{lee2015method,
  title={A method to predict the impact of regulatory variants from {DNA} sequence},
  author={Lee, Dongwon and Gorkin, David U and Baker, Maggie and Strober, Benjamin J and Asoni, Alessandro L and McCallion, Andrew S and Beer, Michael A},
  journal={Nature Genetics},
  volume={47},
  number={8},
  pages={955--961},
  year={2015},
  publisher={Nature Publishing Group}
}

@inproceedings{leslie2002spectrum,
    title={The spectrum kernel: A string kernel for {SVM} protein classification.},
    author={Leslie, Christina S and Eskin, Eleazar and Noble, William Stafford},
    booktitle={{Pacific Symposium on Biocomputing}},
    volume={7},
    number={7},
    pages={566--575},
    year={2002}
}

@article{alipanahi2015predicting,
  title={Predicting the sequence specificities of {DNA-and RNA-binding} proteins by deep learning},
  author={Alipanahi, Babak and Delong, Andrew and Weirauch, Matthew T and Frey, Brendan J},
  journal={Nature biotechnology},
  year={2015},
  publisher={Nature Publishing Group}
}

@article{kelley2016basset,
  title={{Basset: Learning the regulatory code of the accessible genome with deep convolutional neural networks}},
  author={Kelley, David R and Snoek, Jasper and Rinn, John L},
  journal={Genome research},
  year={2016},
  publisher={Cold Spring Harbor Lab}
}

@article{igv2011,
  title={{Integrative Genomics Viewer}},
  author={Robinson, James T and Thorvaldsdottir and others}
  journal={Nature Biotechnology},
  year={2011}
}

@article{ucscbrowser,
  title={{The human genome browser at UCSC}},
  author={Kent, J and Sugnet, W and Furey, S and Roskin, M and Pringle, T and Zahler, A and Haussler D},
  journal={Genome Research},
  volume={12},
  number={6},
  pages={996--1006},
  year={2002}
}

@inproceedings{keystone,
    title={KeystoneML: Optimizing Pipelines for Large-Scale Advanced Analytics},
    author={Sparks, E and Venkataraman, S and Kaftan, T and Franklin, MJ and Recht, B},
    booktitle={{arXiv preprint}},
    year={2016}
}

@inproceedings{tfbinding,
    title={Convolutional Sinks for Transcription Factor Binding Site Prediction},
    author={Morrow, A and Shankar, V and Petersohn, D and Joseph, A and Recht, B and Yosef, N},
    booktitle={{NIPS workshop}},
    year={2016}
}

@inproceedings{adam,
    title={Adam: Genomics formats and processing patterns for cloud scale computing},
    author={Massie, M and Nothaft, F and Hartl, C and Kozanitis, C and Schumacher, A and Joseph, AD and Patterson, DA},
    booktitle={{University of California, Berkeley Technical Report}},
    number={UCB/EECS-2013},
    pages={207},
    year={2013}
}

@article{wavelets,
  title={{msCentipede: Modeling Heterogeneity across    Genomic Sites and Replicates Improves Accuracy in the Inference of Transcription Factor Binding}},
  author={Raj, A and Shim, H and Gilad, Y and Pritchard, J and Stephens, M},
  journal={PLos One},
  volume={10},
  number={9},
  year={2015}
}
